@article{parikh2014proximal,
  title={Proximal algorithms},
  author={Parikh, Neal and Boyd, Stephen and others},
  journal={Foundations and trends{\textregistered} in Optimization},
  volume={1},
  number={3},
  pages={127--239},
  year={2014},
  publisher={Now Publishers, Inc.}
}

@article{beck2009fast,
  title={A fast iterative shrinkage-thresholding algorithm for linear inverse problems},
  author={Beck, Amir and Teboulle, Marc},
  journal={SIAM journal on imaging sciences},
  volume={2},
  number={1},
  pages={183--202},
  year={2009},
  publisher={SIAM}
}

@article{wright2009sparse,
  title={Sparse reconstruction by separable approximation},
  author={Wright, Stephen J and Nowak, Robert D and Figueiredo, M{\'a}rio AT},
  journal={IEEE Transactions on signal processing},
  volume={57},
  number={7},
  pages={2479--2493},
  year={2009},
  publisher={IEEE}
}

@book{boyd2004convex,
  title={Convex optimization},
  author={Boyd, Stephen P and Vandenberghe, Lieven},
  year={2004},
  publisher={Cambridge university press}
}

@article{boyd2003subgradient,
  title={Subgradient methods},
  author={Boyd, Stephen and Xiao, Lin and Mutapcic, Almir},
  journal={lecture notes of EE392o, Stanford University, Autumn Quarter},
  volume={2004},
  number={01},
  year={2003}
}

@article{romberg2022,
  title={Lecture Notes of ECE6270},
  author={Romberg, Justin  and Davenport, Mark},
  journal={Georgia Institute of Technology, Fall Semester},
  year={2022}
}

@article{becker2011nesta,
  title={NESTA: A fast and accurate first-order method for sparse recovery},
  author={Becker, Stephen and Bobin, J{\'e}r{\^o}me and Cand{\`e}s, Emmanuel J},
  journal={SIAM Journal on Imaging Sciences},
  volume={4},
  number={1},
  pages={1--39},
  year={2011},
  publisher={SIAM}
}

@article{hager2011gradient,
  title={Gradient-based methods for sparse recovery},
  author={Hager, William W and Phan, Dzung T and Zhang, Hongchao},
  journal={SIAM Journal on Imaging Sciences},
  volume={4},
  number={1},
  pages={146--165},
  year={2011},
  publisher={SIAM}
}

@article{yin2015,
  title={Math 164: Optimization Barzilai-Borwein Method},
  author={Yin, Wotao},
  journal={University of California, Los Angeles, Spring Semester},
  year={2015}
}



